<?xml version="1.0" encoding="UTF-8"?><record xmlns="http://www.loc.gov/MARC21/slim" xmlns:cinclude="http://apache.org/cocoon/include/1.0" xmlns:zs="http://www.loc.gov/zing/srw/">
  <leader>01716nz  a2200229n  4500</leader>
  <controlfield tag="001">no2012122152</controlfield>
  <controlfield tag="003">DLC</controlfield>
  <controlfield tag="005">20120914075211.0</controlfield>
  <controlfield tag="008">120912n| azannaabn          |n aaa     c</controlfield>
  <datafield tag="010" ind1=" " ind2=" ">
    <subfield code="a">no2012122152</subfield>
  </datafield>
  <datafield tag="035" ind1=" " ind2=" ">
    <subfield code="a">(OCoLC)oca09299862</subfield>
  </datafield>
  <datafield tag="040" ind1=" " ind2=" ">
    <subfield code="a">UPB</subfield>
    <subfield code="b">eng</subfield>
    <subfield code="e">rda</subfield>
    <subfield code="c">UPB</subfield>
  </datafield>
  <datafield tag="046" ind1=" " ind2=" ">
    <subfield code="f">19381212</subfield>
    <subfield code="g">20120101</subfield>
  </datafield>
  <datafield tag="100" ind1="1" ind2=" ">
    <subfield code="a">Baldwin, Burt R.,</subfield>
    <subfield code="d">1938-2012</subfield>
  </datafield>
  <datafield tag="370" ind1=" " ind2=" ">
    <subfield code="a">Jamestown, N.Y.</subfield>
    <subfield code="b">Litchfield, Conn.</subfield>
  </datafield>
  <datafield tag="372" ind1=" " ind2=" ">
    <subfield code="a">Sociology</subfield>
  </datafield>
  <datafield tag="373" ind1=" " ind2=" ">
    <subfield code="a">Central Connecticut State University</subfield>
    <subfield code="t">1997</subfield>
  </datafield>
  <datafield tag="375" ind1=" " ind2=" ">
    <subfield code="a">male</subfield>
  </datafield>
  <datafield tag="670" ind1=" " ind2=" ">
    <subfield code="a">National memberships in international nongovernmental organizations, 1966, 1974:</subfield>
    <subfield code="b">title page (Burt R. Baldwin)</subfield>
  </datafield>
  <datafield tag="670" ind1=" " ind2=" ">
    <subfield code="a">Volunteers, voluntary associations, and development, 1981:</subfield>
    <subfield code="b">page 13 (Burt R. Baldwin, Central Connecticut State College, New Britain, U.S.A.)</subfield>
  </datafield>
  <datafield tag="670" ind1=" " ind2=" ">
    <subfield code="a">International journal of comparative sociology, 1990:</subfield>
    <subfield code="b">volume 31, numbers 1-2, page 79 (Burt R. Baldwin, Department of Sociology, Central Connecticut State University, New Britain, Connecticut)</subfield>
  </datafield>
  <datafield tag="670" ind1=" " ind2=" ">
    <subfield code="a">The Hartford Courant, via WWW, September 11, 2012</subfield>
    <subfield code="b">(January 6, 2012 edition; Burt R. Baldwin; born in Jamestown, N.Y. on December 12, 1938; son of Russell Baldwin and Grace Powell; grew up in Gardena, CA; after high school, he served in the peacetime Navy on the USS Princeton; he then attended USC for both his B.A. and his M.A. in sociology; he earned his Ph. D. at Boston College in 1971; his academic teaching career was at Central Connecticut University, from which he retired in 1997; there he founded The Center for Social Research and worked on many research projects himself both locally and internationally; he served as Sociology department chair for many years; he died on January 1, 2012 in Litchfield, CT)</subfield>
  </datafield>
</record>